  @Online{unila:2,
    author = {Digilib Unila},
    title = {Bab III Metode Penelitian},
    year = {-},
    url = {https://digilib.unila.ac.id/12849/20/BAB%20III.pdf},
    }
  
    @Online{youtube:1,
     title = {BEDA METODOLOGI DAN METODE PENELITIAN [CARA MEMBUAT METODE PENELITIAN]},
        date = {2019},
        organization = {Youtube},
        author = {Cepat Sarjana},
        url = {https://www.youtube.com/watch?v=tc41jHM1FLU},
    }

    