@article{Asrofi2015,
abstract = {Terkadang kita harus meninggalkan rumah dalam keadaan kosong untuk waktu yang lama dan kita sering berpikir untuk menghidupkan lampu di suatu ruangan di rumah kita ketika malam hari dan mematikannya ketika pagi hari. Tekadang kita juga lupa untuk mematikan sebuah alat elektronik ketika kita meninggalkan rumah dan kita tidak memiliki waktu yang cukup untuk kembali dan mematikannya. Kita dapat mengatasi masalah tersebut dengan membangun sebuah smart building. Pada smart building setiap peralatan listrik yang berada di dalamnya dihubungkan ke sebuah perangkat yang dapat memantau dan mengontrol peralatan tersebut. Perangkat tersebut terhubung ke jaringan komputer, sehingga dapat dikendalikan melalui jarak jauh Tugas akhir ini membahas bagaimana merancang dan mengimplementasikan prototipe smart building berbasis arduino uno. Peralatan listrik dihubungkan ke protototipe yang dirancang kemudian dikendalikan melalui aplikasi web browser yang terdapat pada komputer pribadi atau telepon genggam. Arduino Uno adalah arduino board yang menggunakan mikrokontroler ATmega328 sebagai chip utamanya. Arduino uno diprogram menggunakan bahasa pemrograman arduino.},
author = {Asrofi, Muhammad},
file = {:FreeMarket/Mendeley Desktop/Asrofi - 2015 - Stabilisasi Robot Berkaki 6 (Hexapod) pada Bidang Miring Menggunakan 9 DOF IMU berbasis Invers Kinematik.pdf:pdf},
keywords = {fuzzy-pid,hexapod,imu},
pages = {5--18},
title = {{Stabilisasi Robot Berkaki 6 (Hexapod) pada Bidang Miring Menggunakan 9 DOF IMU berbasis Invers Kinematik}},
volume = {6},
year = {2015}
}

@article{Valenti2015,
abstract = {Orientation estimation using low cost sensors is an important task for Micro Aerial Vehicles (MAVs) in order to obtain a good feedback for the attitude controller. The challenges come from the low accuracy and noisy data of the MicroElectroMechanical System (MEMS) technology, which is the basis of modern, miniaturized inertial sensors. In this article, we describe a novel approach to obtain an estimation of the orientation in quaternion form from the observations of gravity and magnetic field. Our approach provides a quaternion estimation as the algebraic solution of a system from inertial/magnetic observations. We separate the problems of finding the ``tilt'' quaternion and the heading quaternion in two sub-parts of our system. This procedure is the key for avoiding the impact of the magnetic disturbances on the roll and pitch components of the orientation when the sensor is surrounded by unwanted magnetic flux. We demonstrate the validity of our method first analytically and then empirically using simulated data. We propose a novel complementary filter for MAVs that fuses together gyroscope data with accelerometer and magnetic field readings. The correction part of the filter is based on the method described above and works for both IMU (Inertial Measurement Unit) and MARG (Magnetic, Angular Rate, and Gravity) sensors. We evaluate the effectiveness of the filter and show that it significantly outperforms other common methods, using publicly available datasets with ground-truth data recorded during a real flight experiment of a micro quadrotor helicopter.},
author = {Valenti, Roberto G and Dryanovski, Ivan and Xiao, Jizhong},
doi = {10.3390/s150819302},
file = {:FreeMarket/Mendeley Desktop/Valenti, Dryanovski, Xiao - 2015 - Keeping a Good Attitude A Quaternion-Based Orientation Filter for IMUs and MARGs.pdf:pdf},
isbn = {1212650824},
keywords = {"orientation estimation,inertial measurement unit,magnetic angular rate and gravity,quaternions, micro aerial vehicles"},
pages = {19302--19330},
title = {{Keeping a Good Attitude: A Quaternion-Based Orientation Filter for IMUs and MARGs}},
year = {2015}
}

